\usepackage{url}

@article{gelman2006prior,
  title={Prior distributions for variance parameters in hierarchical models (comment on article by Browne and Draper)},
  author={Gelman, Andrew and others},
  journal={Bayesian analysis},
  volume={1},
  number={3},
  pages={515--534},
  year={2006},
  publisher={International Society for Bayesian Analysis}
}

@book{wainwright2008graphical,
  title={Graphical models, exponential families, and variational inference},
  author={Wainwright, Martin J and Jordan, Michael Irwin},
  year={2008},
  publisher={Now Publishers Inc}
}

@manual{jordan_ef,
	title = "The exponential family: Conjugate priors",
	author = "Michael Jordan",
	url = "https://people.eecs.berkeley.edu/~jordan/courses/260-spring10/other-readings/chapter9.pdf",
	year = "(accessed September 11, 2020)",
}


@article{bickson2008gaussian,
  title={Gaussian belief propagation: Theory and aplication},
  author={Bickson, Danny},
  journal={arXiv preprint arXiv:0811.2518},
  year={2008}
}

@manual{englehardt_gaussian_models,
	title = "Gaussian Models",
	author = "Barbara Englehardt",
	url = "https://www.cs.princeton.edu/~bee/courses/scribe/lec_09_09_2013.pdf",
	year = "(accessed November 22, 2020)",
}



@article{krishnan2016structured,
  title={Structured inference networks for nonlinear state space models},
  author={Krishnan, Rahul G and Shalit, Uri and Sontag, David},
  journal={arXiv preprint arXiv:1609.09869},
  year={2016}
}

@inproceedings{linderman2017bayesian,
  title={Bayesian learning and inference in recurrent switching linear dynamical systems},
  author={Linderman, Scott and Johnson, Matthew and Miller, Andrew and Adams, Ryan and Blei, David and Paninski, Liam},
  booktitle={Artificial Intelligence and Statistics},
  pages={914--922},
  year={2017}
}



